@article{Anderson2018,
    author = "P. E. Anderson and T. P. Chartier and A. N. Langville",
    title = "The rankability of data",
    journal = "SIMODS",
	year = "2018"
}

@article{Bauer2012,
    author = "F. Bauer",
    title = "Normalized graph Laplacians for directed graphs",
    journal = "Linear Algebra Appl.",
    volume = "436",
    year = "2012",
    pages = "4193--4222"
}

@book{Berman1994,
    author = "A. Berman and R. J. Plemmons",
    title = "Nonnegative Matrices in the Mathematical Sciences",
    publisher = "SIAM",
    address = "Philadelphia, PA",
    year = "1994"
}

@book{Brualdi1991,
	author = "R. Brualdi and H. Ryser",
	title = "Combinatorial Matrix Theory",
	publisher = "Cambridge University Press",
	address = "United Kingdom",
	year = "1991"
}

@article{Chung2005,
    author = "F. Chung",
    title = "Laplacians and the {C}heeger inequality for directed graphs",
    journal = "Ann. Comb.",
    volume = "9",
    number = "1",
    pages = "1--19",
    year = "2005"
}

@book{Lay,
	author={Lay, D. C. and Lay, S.R. and McDonald, J.J.},
	title={Linear {A}lgebra and its applications},
	edition={5th},
	year={2016},
	publisher={Pearson Education},
	address={New York, NY}
}

@article{Fiedler1973,
    author = "M. Fiedler",
    title = "Algebraic connectivity of graphs",
    journal = "Czechoslovak Mathematical Journal",
    volume = "23",
    number = "98",
    pages = "298--305",
    year = "1973"
}

@book{Friedberg,
	author={Friedberg, S. H. and Insel, A. J. and Spence, L. E.},
	title={Linear {A}lgebra},
	edition={4th},
	year={2003},
	publisher={Pearson Education},
	address={Upper Saddle River, NJ}
}

@misc{Shlens,
    author = "J. Shlens",
    title = "A tutorial on principal component analysis",
    howpublished = "	arXiv:1404.1100 [cs.LG]",
    year = "2014"
}

@book{Stewart1990,
    author = "G. W. Stewart and J.-G Sun",
    title = "Matrix {P}erturbation {T}heory",
    publisher = "Academic Press",
    year = "1990",
    address = "Cambridge, MA"
}

@article{Taussky1949,
    author = "O. Taussky",
    title = "A recurring theorem on determinants",
    journal = "Amer. Math. Monthly",
    volume = "56",
    number = "10",
    year = "1949",
    pages = "672--676"
}

@book{Watkins,
	author = "David S. Watkins",
	title = "Fundamentals of Matrix Computations",
	edition = {3rd},
	year = "2010",
	publisher = "John Wiley and Sons",
	address = "Hoboken, NJ"
}

@article{Wu2005-1,
    author = "C.~W.~Wu",
    title = "Algebraic connectivity of directed graphs",
    journal = "Linear Multilinear Algebra",
    year = "2005",
    volume = "53",
    number = "3",
    pages = "203--223"
}
@article{Wu2005-2,
    author = "C.~W.~Wu",
    title = "On {R}ayleigh-{R}itz ratios of a generalized {L}aplacian matrix of drected graphs",
    journal = "Linear Algebra Appl.",
    year = "2005",
    volume = "402",
    pages = "207--227"
}